@Article{saca-manber-myers90,
  author          = {Manber, Udi and Myers, Gene},
  title           = {Suffix Arrays: A New Method for On-Line String Searches},
  journal         = {SIAM Journal on Computing},
  year            = 1993,
  volume          = 22,
  number          = 5,
  month           = {Oct},
  pages           = {935–948},
  issn            = {1095-7111},
  doi             = {10.1137/0222058},
  url             = {http://dx.doi.org/10.1137/0222058},
  publisher       = {Society for Industrial & Applied Mathematics (SIAM)}
}

@Article{saca-ko-aluru05,
  author          = {Ko, Pang and Aluru, Srinivas},
  title           = {Space efficient linear time construction of suffix arrays},
  journal         = {Journal of Discrete Algorithms},
  year            = 2005,
  volume          = 3,
  number          = {2–4},
  month           = {Jun},
  pages           = {143–156},
  issn            = {1570-8667},
  doi             = {10.1016/j.jda.2004.08.002},
  url             = {http://dx.doi.org/10.1016/j.jda.2004.08.002},
  publisher       = {Elsevier BV}
}

@Article{saca-nong09,
  author          = {Nong, Ge and Zhang, Sen and Chan, Wai Hong},
  title           = {Linear Suffix Array Construction by Almost Pure
                  Induced-Sorting},
  journal         = {2009 Data Compression Conference},
  year            = 2009,
  month           = {Mar},
  doi             = {10.1109/dcc.2009.42},
  url             = {http://dx.doi.org/10.1109/DCC.2009.42},
  publisher       = {IEEE}
}

