@article{nw,
  author          = {Needleman, Saul B. and Wunsch, Christian D.},
  title           = {A general method applicable to the search for similarities
                  in the amino acid sequence of two proteins},
  journal         = {Journal of Molecular Biology},
  year            = 1970,
  volume          = 48,
  number          = 3,
  month           = {Mar},
  pages           = {443–453},
  issn            = {0022-2836},
  doi             = {10.1016/0022-2836(70)90057-4},
  url             = {http://dx.doi.org/10.1016/0022-2836(70)90057-4},
  publisher       = {Elsevier BV}
}

@Article{ukkonen85,
  author          = {Ukkonen, Esko},
  title           = {Algorithms for approximate string matching},
  journal         = {Information and Control},
  year            = 1985,
  volume          = 64,
  number          = {1–3},
  month           = {Jan},
  pages           = {100–118},
  issn            = {0019-9958},
  doi             = {10.1016/s0019-9958(85)80046-2},
  url             = {http://dx.doi.org/10.1016/S0019-9958(85)80046-2},
  publisher       = {Elsevier BV}
}

@Article{spouge89,
  author          = {Spouge, John L.},
  title           = {Speeding up Dynamic Programming Algorithms for Finding
                  Optimal Lattice Paths},
  journal         = {SIAM Journal on Applied Mathematics},
  year            = 1989,
  volume          = 49,
  number          = 5,
  month           = {Oct},
  pages           = {1552–1566},
  issn            = {1095-712X},
  doi             = {10.1137/0149094},
  url             = {http://dx.doi.org/10.1137/0149094},
  publisher       = {Society for Industrial & Applied Mathematics (SIAM)}
}

