@Article{wfalm,
  author          = {Eizenga, Jordan M. and Paten, Benedict},
  title           = {Improving the time and space complexity of the WFA
                  algorithm and generalizing its scoring},
  year            = 2022,
  month           = {Jan},
  doi             = {10.1101/2022.01.12.476087},
  url             = {http://dx.doi.org/10.1101/2022.01.12.476087},
  publisher       = {Cold Spring Harbor Laboratory}
}

@Article{johnson,
  author          = {Johnson, Donald B.},
  title           = {Efficient Algorithms for Shortest Paths in Sparse Networks},
  journal         = {Journal of the ACM},
  year            = 1977,
  volume          = 24,
  number          = 1,
  month           = {Jan},
  pages           = {1â€“13},
  issn            = {1557-735X},
  doi             = {10.1145/321992.321993},
  url             = {http://dx.doi.org/10.1145/321992.321993},
  publisher       = {Association for Computing Machinery (ACM)}
}

