@Article{tensorssketch-joudaki20,
  author          = {Joudaki, Amir and Rätsch, Gunnar and Kahles, André},
  title           = {Fast Alignment-Free Similarity Estimation By Tensor
                  Sketching},
  year            = 2020,
  month           = {Nov},
  doi             = {10.1101/2020.11.13.381814},
  url             = {http://dx.doi.org/10.1101/2020.11.13.381814},
  publisher       = {Cold Spring Harbor Laboratory}
}

@Article{jensen1902,
  author          = {Jensen, J. L. W. V.},
  title           = {Sur une identité d’Abel et sur d’autres formules analogues},
  journal         = {Acta Mathematica},
  year            = 1902,
  volume          = 26,
  number          = 0,
  pages           = {307–318},
  issn            = {0001-5962},
  doi             = {10.1007/bf02415499},
  url             = {http://dx.doi.org/10.1007/BF02415499},
  publisher       = {International Press of Boston}
}

@Article{combinatorial-identity-duarte12,
  author          = {Duarte, Rui and de Oliveira, António Guedes},
  title           = {New developments of an old identity},
  year            = 2012,
  doi             = {10.48550/ARXIV.1203.5424},
  url             = {https://arxiv.org/abs/1203.5424},
  keywords        = {Combinatorics (math.CO), FOS: Mathematics, FOS:
                  Mathematics, 05A19, 05A15},
  publisher       = {arXiv},
  copyright       = {arXiv.org perpetual, non-exclusive license}
}

