@Article{astarpa,
  author          = {Groot Koerkamp, Ragnar and Ivanov, Pesho},
  title           = {Exact global alignment using A* with seed heuristic and
                  match pruning},
  year            = 2022,
  month           = {Sep},
  doi             = {10.1101/2022.09.19.508631},
  url             = {http://dx.doi.org/10.1101/2022.09.19.508631},
  publisher       = {Cold Spring Harbor Laboratory}
}

@Article{spouge89,
  author          = {Spouge, John L.},
  title           = {Speeding up Dynamic Programming Algorithms for Finding
                  Optimal Lattice Paths},
  journal         = {SIAM Journal on Applied Mathematics},
  year            = 1989,
  volume          = 49,
  number          = 5,
  month           = {Oct},
  pages           = {1552–1566},
  issn            = {1095-712X},
  doi             = {10.1137/0149094},
  url             = {http://dx.doi.org/10.1137/0149094},
  publisher       = {Society for Industrial & Applied Mathematics (SIAM)}
}

@Article{ukkonen85,
  author          = {Ukkonen, Esko},
  title           = {Algorithms for approximate string matching},
  journal         = {Information and Control},
  year            = 1985,
  volume          = 64,
  number          = {1–3},
  month           = {Jan},
  pages           = {100–118},
  issn            = {0019-9958},
  doi             = {10.1016/s0019-9958(85)80046-2},
  url             = {http://dx.doi.org/10.1016/S0019-9958(85)80046-2},
  publisher       = {Elsevier BV}
}

@Article{edlib,
  author          = {Šošić, Martin and Šikić, Mile},
  title           = {Edlib: a C/C ++ library for fast, exact sequence alignment
                  using edit distance},
  journal         = {Bioinformatics},
  year            = 2017,
  editor          = {Hancock, John},
  volume          = 33,
  number          = 9,
  month           = {Jan},
  pages           = {1394–1395},
  issn            = {1460-2059},
  doi             = {10.1093/bioinformatics/btw753},
  url             = {http://dx.doi.org/10.1093/bioinformatics/btw753},
  publisher       = {Oxford University Press (OUP)}
}

@Article{harris74,
  author          = {Harris, Larry R.},
  title           = {The heuristic search under conditions of error},
  journal         = {Artificial Intelligence},
  year            = 1974,
  volume          = 5,
  number          = 3,
  pages           = {217–234},
  issn            = {0004-3702},
  doi             = {10.1016/0004-3702(74)90014-9},
  url             = {http://dx.doi.org/10.1016/0004-3702(74)90014-9},
  publisher       = {Elsevier BV}
}

