@article{grootkoerkamp2019,
  TITLE = {{Stable gonality is computable}},
  AUTHOR = {Groot Koerkamp, Ragnar and Marieke van der Wegen},
  URL = {https://dmtcs.episciences.org/5557},
  DOI = {10.23638/DMTCS-21-1-10},
  JOURNAL = {{Discrete Mathematics \& Theoretical Computer Science}},
  VOLUME = {{vol. 21 no. 1, ICGT 2018}},
  YEAR = {2019},
  MONTH = Jun,
  KEYWORDS = {Computer Science - Discrete Mathematics ; Computer Science - Data Structures and Algorithms ; Mathematics - Combinatorics ; Mathematics - Number Theory},
}

@Article{grootkoerkamp2021,
  author          = {Groot Koerkamp, Ragnar and Živný, Stanislav},
  title           = {On rainbow-free colourings of uniform hypergraphs},
  journal         = {Theoretical Computer Science},
  year            = 2021,
  volume          = 885,
  month           = {Sep},
  pages           = {69–76},
  issn            = {0304-3975},
  doi             = {10.1016/j.tcs.2021.06.022},
  url             = {http://dx.doi.org/10.1016/j.tcs.2021.06.022},
  publisher       = {Elsevier BV}
}

@Article{astarpa,
  author          = {Groot Koerkamp, Ragnar and Ivanov, Pesho},
  title           = {Exact global alignment using A* with seed heuristic and
                  match pruning},
  year            = 2022,
  month           = {Sep},
  doi             = {10.1101/2022.09.19.508631},
  url             = {http://dx.doi.org/10.1101/2022.09.19.508631},
  publisher       = {Cold Spring Harbor Laboratory}
}

