@Article{artint,
  author          = {Poole, David L. and Mackworth, Alan K.},
  title           = {Artificial Intelligence},
  year            = 2017,
  month           = {Sep},
  doi             = {10.1017/9781108164085},
  url             = {http://dx.doi.org/10.1017/9781108164085},
  ISBN            = 9781108164085,
  publisher       = {Cambridge University Press}
}

