@Article{biwfa,
  author          = {Marco-Sola, Santiago and Eizenga, Jordan M and Guarracino,
                  Andrea and Paten, Benedict and Garrison, Erik and Moreto,
                  Miquel},
  title           = {Optimal gap-affine alignment in O(s) space},
  year            = 2022,
  month           = {Apr},
  doi             = {10.1101/2022.04.14.488380},
  url             = {http://dx.doi.org/10.1101/2022.04.14.488380},
  publisher       = {Cold Spring Harbor Laboratory}
}

