@Article{hicanu-nurk2020,
  author          = {Nurk, Sergey and Walenz, Brian P. and Rhie, Arang and
                  Vollger, Mitchell R. and Logsdon, Glennis A. and Grothe,
                  Robert and Miga, Karen H. and Eichler, Evan E. and Phillippy,
                  Adam M. and Koren, Sergey},
  title           = {HiCanu: accurate assembly of segmental duplications,
                  satellites, and allelic variants from high-fidelity long
                  reads},
  journal         = {Genome Research},
  year            = 2020,
  volume          = 30,
  number          = 9,
  month           = {Aug},
  pages           = {1291–1305},
  issn            = {1549-5469},
  doi             = {10.1101/gr.263566.120},
  url             = {http://dx.doi.org/10.1101/gr.263566.120},
  publisher       = {Cold Spring Harbor Laboratory}
}

@Article{ont-reads-delahaye2021,
  author          = {Delahaye, Clara and Nicolas, Jacques},
  title           = {Sequencing DNA with nanopores: Troubles and biases},
  journal         = {PLOS ONE},
  year            = 2021,
  editor          = {Andrés-León, Eduardo},
  volume          = 16,
  number          = 10,
  month           = {Oct},
  pages           = {e0257521},
  issn            = {1932-6203},
  doi             = {10.1371/journal.pone.0257521},
  url             = {http://dx.doi.org/10.1371/journal.pone.0257521},
  publisher       = {Public Library of Science (PLoS)}
}

