@Article{wfalm,
  author          = {Eizenga, Jordan M. and Paten, Benedict},
  title           = {Improving the time and space complexity of the WFA
                  algorithm and generalizing its scoring},
  year            = 2022,
  month           = {Jan},
  doi             = {10.1101/2022.01.12.476087},
  url             = {http://dx.doi.org/10.1101/2022.01.12.476087},
  publisher       = {Cold Spring Harbor Laboratory}
}

